@book{obwody,
  author    = "Stanisław Rosłoniec",
  title     = "Liniowe obwody mikrofalowe. Metody Analizy i syntezy",
  edition   = "1",
  publisher = "Wydawnictwo Komunikacji i Łączności",
  address   = "Warszawa",
  year      = "1999",
}

@book{num,
  author    = "Stanisław Rosłoniec",
  title     = "Wybrane metody numeryczne z przykładami w zadaniach inżynierskich",
  edition   = "2",
  publisher = "Oficyna Wydawnicza Politechniki Warszawskiej",
  address   = "Warszawa",
  year      = "2002",
}

@book{old,
  author    = "Stanisław Rosłoniec",
  title     = "Algorytmy projektowania wybranych liniowych układów mikrofalowych",
  edition   = "1",
  publisher = "Wydawnictwo Komunikacji i Łączności",
  address   = "Warszawa",
  year      = "1987",
}
